@book{slack,
	Author = {Nigel Slack},
	Title = {Administração da Produção},
	Publisher = {Atlas},
	Address = {São Paulo, SP},
	Year = 2009
}

@book{costa,
	Author = {Jaciane Cristina Costa},
	Title = {A gestão da cadeia de suprimentos: teoria e prática},
	Publisher = {XXV ENEGEP},
	Address = {Porto Alegre, RS},
	Year = 2005
}

@misc{sir,
	Author = {Sir Monty Finneston},
	Title = {Address to the Department of Education and Science Conference},
	Adress = {Loughborough University, UK},
	Year = 1990
}

@book{lamonica,
	Author = {José Lamônica},
	Title = {O sabor de uma marca: Bob's 60 anos},
	Publisher = {Editora Lamonica Comunicação Multicanal},
	Address = {São Paulo, SP},
	Year = 2012
}

@book{stevenson,
	Author = {William Stevenson},
	Title = {Administração das operações de produção},
	Publisher = {Editora LTC},
	Address = {Rio de Janeiro, RJ},
	Year = 2001
}

@book{martin,
	Author = {Martin Christopher},
	Title = {Logística e gerenciamento da cadeia de suprimentos: criando redes que agregam valor},
	Publisher = {Thomson Learning},
	Address = {São Paulo, SP},
	Year = 2007
}

@book{filho,
	Author = {Edelvino Razzolini Filho},
	Title = {Logística empresarial e cadeias de suprimentos},
	Publisher = {Editora IBPEX},
	Address = {São Paulo, SP},
	Year = 2009
}

@book{chopra,
	Author = {Sunil Chopra, Peter Meindl},
	Title = {Gerenciamento da cadeia de suprimentos: estratégias, planejamento e operação},
	Publisher = {Editora Person},
	Address = {São Paulo, SP},
	Year = 2003
}

@misc{detsi,
	Author = {Antonio Detsi},
	Title = {Martin-Brower conquista logística do Bob’s},
	Publisher = {Portal Transporta Brasil},
	Url = {http://www.transportabrasil.com.br/2011/05/martin-brower-conquista-logistica-do-bobs/},
	Year = 2011
}

@book{pires,
	Author = {Sílvio Pires},
	Title = {Gestão da cadeia de suprimentos: conceitos, estratégias, práticas e casos},
	Publisher = {Editora Atlas},
	Address = {São Paulo, SP},
	Year = 2004
}

@book{taylor,
	Author = {David Taylor},
	Title = {Logística na Cadeia de Suprimentos: uma perspectiva gerencial},
	Publisher = {Pearson Addison-Wesley},
	Address = {São Paulo, SP},
	Year = 2005
}

@misc{lecom,
	Author = {SA. LECOM},
	Title = {Gestão de Processos, Tecnologia e Gestão da Qualidade Total – Como e por que esta combinação transforma o cenário corporativo?},
	Publisher = {Lecom S/A.},
	Url = {http://www.lecom.com.br/lecom/upload/noticia/WhitePaperQualityLecom2011.pdf},
	Year = 2011
}

@misc{dale,
	Author = {Boaden Dale},
	Title = {What is computer integrated manufacturing?},
	Publisher = {International Journal of Operations and Production Management},
	Year = 1986
}

@misc{junior,
	Author = {Benjamim Cordeiro Herdy Junior},
	Title = {Brazil Fast Food Corporation: Internacionalização da Rede Bob’s},
	Publisher = {Editora TAC},
	Address = {Rio de Janeiro, RJ},
	Year = 2013
}

@misc{miti,
	Author = {Inteligência MITI},
	Title = {Redes Fast Food},
	Address = {São Paulo, SP},
	Url = {http://pt.slideshare.net/FonteMITI/estudo-fastfood},
	Year = 2010
}

@misc{osman,
	Author = {Ricardo Osman},
	Title = {O renascimento do Bob’s. Pequenas Empresas Grandes Negócios.},
	Address = {São Paulo, SP},
	Url = {http://revistapegn.globo.com/Empresasenegocios/0,19125,ERA817081-2991-1,00.html},
	Year = 2014
}